<record><leader>00000cas a22000007a 4500</leader><controlfield tag="001">10331526</controlfield><controlfield tag="008">840124d19131964ohuwr ne      0    0eng d</controlfield><datafield ind1=" " ind2=" " tag="010"><subfield code="a">sn 84028028 </subfield></datafield><datafield ind1=" " ind2=" " tag="040"><subfield code="a">NPY</subfield><subfield code="b">eng</subfield><subfield code="c">NPY</subfield><subfield code="d">ONP</subfield><subfield code="d">OCLCQ</subfield></datafield><datafield ind1=" " ind2=" " tag="042"><subfield code="a">msc</subfield></datafield><datafield ind1="0" ind2=" " tag="130"><subfield code="a">Mantua record (Mantua, Ohio)</subfield></datafield><datafield ind1="1" ind2="4" tag="245"><subfield code="a">The Mantua record.</subfield></datafield><datafield ind1="3" ind2="0" tag="246"><subfield code="a">Aurora-Streetsboro news</subfield></datafield><datafield ind1="1" ind2="3" tag="246"><subfield code="a">Aurora-Streetsboro herald-news</subfield></datafield><datafield ind1="1" ind2="3" tag="246"><subfield code="a">Windham record</subfield></datafield><datafield ind1="1" ind2="7" tag="246"><subfield code="a">Record-news</subfield></datafield><datafield ind1=" " ind2=" " tag="260"><subfield code="a">Mantua, Portage County, Ohio :</subfield><subfield code="b">[s.n.],</subfield><subfield code="c">-1964.</subfield></datafield><datafield ind1=" " ind2=" " tag="300"><subfield code="a">v.</subfield></datafield><datafield ind1=" " ind2=" " tag="310"><subfield code="a">Weekly</subfield></datafield><datafield ind1="1" ind2=" " tag="362"><subfield code="a">Began in 1913.</subfield></datafield><datafield ind1="0" ind2=" " tag="362"><subfield code="a">-v. 45, no. 8 (Feb. 20, 1964).</subfield></datafield><datafield ind1=" " ind2=" " tag="515"><subfield code="a">Numbering irregular.</subfield></datafield><datafield ind1=" " ind2=" " tag="588"><subfield code="a">Description based on: Vol. 11, no. 27 (July 3, 1924).</subfield></datafield><datafield ind1=" " ind2="4" tag="651"><subfield code="a">Mantua (Ohio)</subfield><subfield code="v">Newspapers.</subfield></datafield><datafield ind1=" " ind2="4" tag="651"><subfield code="a">Aurora (Ohio)</subfield><subfield code="v">Newspapers.</subfield></datafield><datafield ind1=" " ind2="4" tag="651"><subfield code="a">Streetsboro (Ohio)</subfield><subfield code="v">Newspapers.</subfield></datafield><datafield ind1=" " ind2="4" tag="651"><subfield code="a">Windham (Ohio)</subfield><subfield code="v">Newspapers.</subfield></datafield><datafield ind1=" " ind2="4" tag="651"><subfield code="a">Portage County (Ohio)</subfield><subfield code="v">Newspapers.</subfield></datafield><datafield ind1=" " ind2=" " tag="752"><subfield code="a">United States</subfield><subfield code="b">Ohio</subfield><subfield code="c">Portage</subfield><subfield code="d">Mantua.</subfield></datafield><datafield ind1="0" ind2="0" tag="785"><subfield code="t">Record-news (Mantua, Ohio)</subfield><subfield code="w">(DLC)sn 88078416</subfield></datafield></record>